<?xml version="1.0" encoding="UTF-8"?><collection xmlns="http://www.loc.gov/MARC21/slim"><record><leader>00388nam--2200133-i-4500</leader><controlfield tag="001">000026781</controlfield><controlfield tag="002">20161230</controlfield><controlfield tag="005">20161230201036</controlfield><controlfield tag="008">060222s1000------------r-----000-0-eng-d</controlfield><datafield ind1=" " ind2=" " tag="080"><subfield code="a">531(076)</subfield></datafield><datafield ind1=" " ind2=" " tag="100"><subfield code="a">Kleppner, Daniel And Kolenkow, Robert J</subfield></datafield><datafield ind1=" " ind2=" " tag="245"><subfield code="a">An introduction to mechanics. solutions mannual to accompany</subfield></datafield><datafield ind1=" " ind2=" " tag="260"><subfield code="a">New York, Mcgraw-hill Book Co., 1973, 161p</subfield></datafield><datafield ind1=" " ind2=" " tag="852"><subfield code="a">42289</subfield></datafield></record></collection>